<?xml version="1.0" encoding="UTF-8"?><collection xmlns="http://www.loc.gov/MARC21/slim"><record><leader>00557nam--2200193-i-4500</leader><controlfield tag="001">000028031</controlfield><controlfield tag="002">20161230</controlfield><controlfield tag="005">20161230201037</controlfield><controlfield tag="008">060222s1000------------r-----000-0-eng-d</controlfield><datafield ind1=" " ind2=" " tag="040"><subfield code="a">IFIN-HH</subfield></datafield><datafield ind1=" " ind2=" " tag="080"><subfield code="a">512.8:518.5</subfield></datafield><datafield ind1="1" ind2=" " tag="100"><subfield code="a">Kemeny, J.G</subfield></datafield><datafield ind1="1" ind2="0" tag="245"><subfield code="a">Algebre moderne et activites humaines</subfield><subfield code="b">Traduit par m.c. loyau</subfield><subfield code="c">J.g. kemeny, j.l. snell, g.l. thompson</subfield></datafield><datafield ind1=" " ind2=" " tag="260"><subfield code="a">Paris</subfield><subfield code="b">Dunod</subfield><subfield code="c">1960</subfield></datafield><datafield ind1=" " ind2=" " tag="300"><subfield code="a">XI+343P</subfield></datafield><datafield ind1=" " ind2=" " tag="490"><subfield code="a">Finance Et Economie Appliquee. No. 7</subfield></datafield><datafield ind1="1" ind2=" " tag="700"><subfield code="a">Thompson, G.L</subfield></datafield><datafield ind1=" " ind2=" " tag="852"><subfield code="a">17515</subfield><subfield code="c">519.24</subfield></datafield><datafield ind1=" " ind2=" " tag="CAT"><subfield code="a">Sys</subfield><subfield code="c">20130802</subfield><subfield code="h">115948</subfield></datafield></record></collection>